@misc{gplv3,
  author       = {Free Software Foundation},
  title        = {{GNU} {G}eneral {P}ublic {L}icense},
  version      = {3},
  howpublished = {\url{http://www.gnu.org/licenses/gpl.html}},
  shorthand    = {GPL}
}

@misc{web-server-usage,
  author       = {w3tech},
  title        = {Usage of web servers for websites},
  howpublished = {\url{https://w3techs.com/technologies/overview/web_server/all}}
}

@misc{apache,
  author       = {Apache Software Foundation},
  title        = {Apache Software Foundation},
  howpublished = {\url{http://www.apache.org/}}
}

@misc{nodejs-trend,
  author       = {w3tech},
  title        = {Usage statistics and market share of Node.js for websites},
  howpublished = {\url{https://w3techs.com/technologies/details/ws-nodejs/all/all}}
}

@misc{acid,
  author       = {Graham Chen},
  title        = {Distributed transaction processing standars and their applications},
  howpublished = {\url{https://pdfs.semanticscholar.org/cf9d/45b49b276615e6c5d94a8ffaf163933c49a6.pdf}}
}

@misc{pug,
  author       = {Pug},
  title        = {Pug template engine},
  howpublished = {\url{https://github.com/pugjs/pug}}
}

@misc{jade,
  author       = {Jade},
  title        = {Jade Lang},
  howpublished = {\url{jade-lang.com}}
}

@misc{bootstrap,
  author       = {Bootstrap},
  title        = {Bootstrap},
  howpublished = {\url{https://getbootstrap.com/}}
}

@misc{hack-week,
  author       = {Twitter},
  title        = {Hack Week},
  howpublished = {\url{https://blog.twitter.com/engineering/en_us/a/2010/hack-week.html}}
}

@misc{json,
  author       = {w3schools},
  title        = {JavaScript Object Notation},
  howpublished = {\url{https://www.w3schools.com/js/js_json_intro.asp}}
}

@misc{mongoose,
  author       = {Mongoose},
  title        = {Elegant mongodb object modeling for node.js},
  howpublished = {\url{http://mongoosejs.com/}}
}

@misc{agpl,
  author       = {Free Software Foundation},
  title        = {GNU Affero General Public License},
  howpublished = {\url{https://www.gnu.org/licenses/agpl-3.0.html}}
}

@misc{ansible,
  author       = {Ansible},
  title        = {Automation for everyone},
  howpublished = {\url{https://www.ansible.com/}}
}

@misc{passport,
  author       = {Passport.js},
  title        = {Simple, unobtrusive authentication for Node.js},
  howpublished = {\url{http://www.passportjs.org/}}
}

@misc{express,
  author       = {Express.js},
  title        = {Fast, unopinionated, minimalist web framework for Node.js},
  howpublished = {\url{http://expressjs.com/}}
}

@misc{blowfish,
  author       = {Bruce Schneier},
  title        = {Schneier on Security},
  howpublished = {\url{https://www.schneier.com/academic/blowfish/}}
}

@misc{rainbow,
  author       = {Philippe Oechslin},
  title        = {Making a Faster Cryptanalytical Time-Memory Trade-Off},
  howpublished = {\url{https://lasec.epfl.ch/~oechslin/publications/crypto03.pdf}}
}

@misc{gdpr,
  author       = {European Union},
  title        = {General Data Protection Regulation},
  howpublished = {\url{https://eur-lex.europa.eu/legal-content/EN/TXT/HTML/?uri=OJ:L:2016:119:FULL&from=EN}}
}

@inbook{software-engineering,
  author    = {Ian Sommervile},
  title     = {Software Engineering},
  booktitle = {Software Engineering},
  year      = 2016,
  publisher = {Springer International Publishing},
  isbn      = {0-321-31379-8}
}

@misc{nodejs,
  author       = {Node.js Foundation},
  title        = {Node.js},
  howpublished = {\url{https://nodejs.org/es/}}
}

@misc{npm,
  author       = {npm, Inc.},
  title        = {Build amazing things},
  howpublished = {\url{https://www.npmjs.com/}}
}

@misc{carbone,
  author       = {Carbone},
  title        = {Carbone},
  howpublished = {\url{https://carbone.io/designer-documentation.html}}
}

@misc{canvas,
  author       = {w3schools},
  title        = {HTML5 Canvas},
  howpublished = {\url{https://www.w3schools.com/html/html5_canvas.asp}}
}

@misc{supertest,
  author       = {visionmedia},
  title        = {Super-agent driven library for testing node.js HTTP servers using a fluent API},
  howpublished = {\url{https://github.com/visionmedia/supertest}}
}

@misc{travis-ci,
  author       = {Travis CI},
  title        = {Test and Deploy with Confidence},
  howpublished = {\url{https://travis-ci.org/}}
}

@misc{ubuntu-usage,
  author       = {w3techs},
  title        = {Usage statistics and market share of Linux for websites},
  howpublished = {\url{https://w3techs.com/technologies/details/os-linux/all/all}}
}

@misc{gespol,
  author       = {GESPOL},
  title        = {GESPOL Security and Safety Systems},
  howpublished = {\url{http://bilbo2.servebbs.net:9980/gespolweb/index.php/}}
}

@misc{appolo,
  author       = {almerimatik},
  title        = {Appolo, aplicación integral para Cuerpos de Policía Local},
  howpublished = {\url{http://www2.almerimatik.es/appolo/}}
}

@misc{scrum,
  author       = {Scrum Manager},
  title        = {Troncal I. Scrum Master},
  howpublished = {\url{http://scrummanager.net/files/scrum_manager.pdf}}
}

@misc{vagrant,
  author       = {HashiCorp},
  title        = {Development Environments Made Easy},
  howpublished = {\url{https://www.vagrantup.com/}}
}

@misc{passport-func,
  author       = {centuryLink},
  title        = {Authentication with passport.js},
  howpublished = {\url{https://www.ctl.io/developers/blog/post/build-user-authentication-with-node-js-express-passport-and-mongodb}}
}

@misc{image-unit-test,
  author       = {Martin Fowler},
  title        = {Unit test},
  howpublished = {\url{https://martinfowler.com/bliki/UnitTest.html}}
}

@misc{image-ci,
  author       = {FileCatalyst},
  title        = {Continuous integration diagram},
  howpublished = {\url{http://filecatalyst.com/wp-content/uploads/2014/12/Continuous-Integration-Diagram.png}}
}

@misc{image-node,
  author       = {Belisoft},
  title        = {PHP vs Nodejs},
  howpublished = {\url{https://belitsoft.com/php-development-services/php7-vs-nodejs}}
}

@misc{image-node-arch,
  author       = {Codeburst},
  title        = {All about Node.js},
  howpublished = {\url{https://codeburst.io/all-about-node-js-you-wanted-to-know-25f3374e0be7}}
}

@misc{image-mongoose,
  author       = {Medium},
  title        = {Introduction to Mongoose},
  howpublished = {\url{https://medium.freecodecamp.org/introduction-to-mongoose-for-mongodb-d2a7aa593c57}}
}

@misc{image-vagrant,
  author       = {Czerasz},
  title        = {Vagrant workflow},
  howpublished = {\url{http://czerasz.com/2015/01/06/vagrant-workflows/}}
}

@misc{image-ansible,
  author       = {RoyalCyber},
  title        = {Automation with Ansible},
  howpublished = {\url{http://blog.royalcyber.com/devops/new-level-of-automation-with-ansible/}}
}

@misc{racc-zurich,
  author       = {RACC y Zurich Seguros},
  title        = {Estudio. Movilidad desde una perspectiva de género en Barcelona},
  howpublished = {\url{https://fundacion.racc.es/informes-y-estudios/seguridad-vial/personas/estudio.-movilidad-desde-una-perspectiva-de-genero-en-barcelona}}
}

@misc{repo,
  author       = {Alejandro Menor},
  title        = {Repositorio de Héroes},
  howpublished = {\url{https://github.com/AlexMenor/heroes}}
}

@misc{firebase,
  author       = {Google},
  title        = {Firebase Cloud Messaging Docs},
  howpublished = {\url{https://firebase.flutter.dev/docs/messaging/overview/}}
}

@misc{cap,
  author       = {Wikipedia},
  title        = {CAP Theorem},
  howpublished = {\url{https://en.wikipedia.org/wiki/CAP_theorem}}
}

@misc{postgis,
  author       = {PostGIS},
  title        = {PostGIS},
  howpublished = {\url{https://postgis.net/}}
}

@misc{cassandra,
  author       = {Alex Bekker},
  title        = {When to use Cassandra and when to steer clear},
  howpublished = {\url{https://towardsdatascience.com/when-to-use-cassandra-and-when-to-steer-clear-72b7f2cede76}}
}

@misc{couchdb,
  author       = {CouchDB},
  title        = {CouchDB Docs},
  howpublished = {\url{https://docs.couchdb.org/en/stable/ddocs/search.html?highlight=geospatial#geographical-searches}}
}

@misc{mongo,
  author       = {Larry Battle},
  title        = {Query locations within a radius in MongoDB},
  howpublished = {\url{https://stackoverflow.com/questions/25734092/query-locations-within-a-radius-in-mongodb}}
}

@misc{mongo-cap,
  author       = {Stbrody},
  title        = {Where does mongodb stand in the CAP theorem?},
  howpublished = {\url{https://stackoverflow.com/questions/11292215/where-does-mongodb-stand-in-the-cap-theorem}}
}

@misc{clean-arch,
  author       = {Uncle Bob},
  title        = {The Clean Architecture},
  howpublished = {\url{https://blog.cleancoder.com/uncle-bob/2012/08/13/the-clean-architecture.html}}
}

@misc{openstreetmap,
  author       = {OpenStreetMap},
  title        = {OpenStreetMap tiles},
  howpublished = {\url{https://wiki.openstreetmap.org/wiki/Tiles}}
}

@misc{map,
  author       = {PWA.ir},
  title        = {Map controller library},
  howpublished = {\url{https://pub.dev/packages/map}}
}

@misc{typescript,
  author       = {Typescript},
  title        = {Typescript},
  howpublished = {\url{https://www.typescriptlang.org/}}
}

@misc{deno,
  author       = {Deno},
  title        = {Deno lang},
  howpublished = {\url{https://deno.land/}}
}

@misc{rest,
  author       = {Wikipedia},
  title        = {REST},
  howpublished = {\url{https://en.wikipedia.org/wiki/Representational_state_transfer}}
}

@misc{docker,
  author       = {Docker},
  title        = {Docker and Docker Compose},
  howpublished = {\url{https://www.docker.com/}}
}

@misc{redis,
  author       = {Redis},
  title        = {Redis},
  howpublished = {\url{https://redis.io/}}
}

@misc{personas,
  author       = {Rikke Friis Dam},
  title        = {Personas – A Simple Introduction},
  howpublished = {\url{https://www.interaction-design.org/literature/article/personas-why-and-how-you-should-use-them}}
}

@misc{flutter,
  author       = {Google},
  title        = {Flutter},
  howpublished = {\url{https://flutter.dev/}}
}

@misc{reactnative,
  author       = {Facebook},
  title        = {React Native},
  howpublished = {\url{https://reactnative.dev/}}
}
@misc{nativescript,
  author       = {Nativescript},
  title        = {Nativescript},
  howpublished = {\url{https://nativescript.org/}}
}

@misc{ionic,
  author       = {Ionic},
  title        = {Ionic},
  howpublished = {\url{https://ionicframework.com/}}
}

@misc{Quasar,
  author       = {Quasar},
  title        = {Quasar},
  howpublished = {\url{https://quasar.dev/}}
}

@misc{websocketchannel,
  author       = {Tools Dart},
  title        = {Websocket Channel},
  howpublished = {\url{https://pub.dev/packages/web_socket_channel}}
}

@misc{dart,
  author       = {Google},
  title        = {Dart Programming Language},
  howpublished = {\url{https://dart.dev/}}
}








